@MISC{hskob,
	AUTHOR= {Hochschule Koblenz},
	TITLE = {Status Quo Agile 2016/2017},
	HOWPUBLISHED = {\url{https://www.process-and-project.net/studien/status-quo-agile}},
	NOTE = {Zugriff: 21. Februar 2019}
}
@MISC{manifest,
	AUTHOR= {Agile Alliance},
	TITLE = {Agile {Manifesto}},
	HOWPUBLISHED = {\url{http://agilemanifesto.org/iso/de/manifesto.html}},
	NOTE = {Zugriff: 21. Februar 2019}
}
@MISC{guide,
	AUTHOR= {Schwaber, Ken AND Sutherland, Jeff},
	TITLE = {The {Scrum} {Guide}},
	HOWPUBLISHED = {\url{https://www.scrumguides.org/docs/scrumguide/v2017/2017-Scrum-Guide-US.pdf}},
	NOTE = {Zugriff: 21. Februar 2019}
}
@BOOK{sync,
	AUTHOR = {Brizard, Tim J.},
	YEAR = {2015},
	TITLE = {Broken Agile - Second Edition},
	EDITION = {2},
	ISBN = {978-1-484-21745-0},
	PUBLISHER = {Apress},
	ADDRESS = {New York},
}
@article{pen,
  author  = {Mueller, Pam A. AND Oppenheimer, Daniel M.}, 
  title   = {The Pen Is Mightier Than the Keyboard: Advantages of Longhand Over Laptop Note Taking},
  year    = 2014,
  volume  = 25
}

