@MISC{statusquoagile,
	AUTHOR= {Hochschule Koblenz},
	TITLE = {Status Quo Agile 2016/2017},
	HOWPUBLISHED = {\url{https://www.process-and-project.net/studien/status-quo-agile}},
	NOTE = {Zugriff: 30. September 2019},
	YEAR = {2012}
}

@MISC{scrumguide,
	AUTHOR= {Schwaber, Ken AND Sutherland, Jeff},
	TITLE = {The {Scrum} {Guide}},
	HOWPUBLISHED = {\url{https://www.scrumguides.org/docs/scrumguide/v2017/2017-Scrum-Guide-US.pdf}},
	NOTE = {Zugriff: 30. September 2019}
}

@misc{agilemanifesto,
  author = {Mellor, Steve and Schwaber, Ken and Sutherland, Jeff and Thomas u.a., Dave},
  TITLE = {Manifesto for {Agile} {Software} {Development}},
  year = 2001,
  HOWPUBLISHED = {\url{http://www.agilemanifesto.org/}},
	NOTE = {Zugriff: 30. September 2019}
}

@misc{agilemanifestosignatories,
  author = {Mellor, Steve and Schwaber, Ken and Sutherland, Jeff and Thomas u.a., Dave},
  TITLE = {Authors: {The} {Agile} {Manifesto}},
  year = 2001,
  HOWPUBLISHED = {\url{http://agilemanifesto.org/authors.html}},
	NOTE = {Zugriff: 30. September 2019}
}

@misc{agilemanifestohistory,
  author = {Jim Highsmith},
  TITLE = {History: {The} {Agile} {Manifesto}},
  year = 2001,
  HOWPUBLISHED = {\url{http://www.agilemanifesto.org/history.html}},
  NOTE = {Zugriff: 30. September 2019}
}

@BOOK{agiledevelopmentwithscrum,
	AUTHOR = {Beedle, Mike AND Schwaber, Ken},
	YEAR = {2002},
	TITLE = {{Agile} {Software} {Development} with {Scrum}},
	ISBN = {978-0-130-67634-4},
	PUBLISHER = {Prentice Hall},
	ADDRESS = {London},
}

@misc{definitionagil,
  author = {Dr. Markus Siepermann},
  TITLE = {Gabler {Wirtschaftslexikon} - {Agile} {Softwareentwicklung}},
  year = 2019,
  HOWPUBLISHED = {\url{https://wirtschaftslexikon.gabler.de/definition/agile-softwareentwicklung-53460/version-276549}},
  NOTE = {Zugriff: 30. September 2019}
}

@ONLINE{Stanford09,
	author = {Surname, First Name},
	title = {This is a test entry of type {@ONLINE}},
	month = jun,
	year = {2009},
	url = {http://today.slac.stanford.edu/images/2009/colloquium-web-collide.jpg},
	note = {Last accessed 16 July 2013}
}




