@MISC{hskob,
	AUTHOR= {Hochschule Koblenz},
	TITLE = {Status Quo Agile 2016/2017},
	HOWPUBLISHED = {\url{https://www.process-and-project.net/studien/status-quo-agile}},
	NOTE = {Zugriff: 21. August 2019}
}
@MISC{manifest,
	AUTHOR= {Agile Alliance},
	TITLE = {Agile {Manifesto}},
	HOWPUBLISHED = {\url{http://agilemanifesto.org/iso/de/manifesto.html}},
	NOTE = {Zugriff: 21. August 2019}
}
@MISC{guide,
	AUTHOR= {Schwaber, Ken AND Sutherland, Jeff},
	TITLE = {The {Scrum} {Guide}},
	HOWPUBLISHED = {\url{https://www.scrumguides.org/docs/scrumguide/v2017/2017-Scrum-Guide-US.pdf}},
	NOTE = {Zugriff: 21. August 2019}
}
@techreport{ISO9241-210,
type = {Standard},
key = {ISO 9241-210:2010},
month = may,
year = {2010},
title = {{Ergonomie der Mensch-System-Interaktion - Teil 210: Prozess zur Gestaltung gebrauchstauglicher interaktiver Systeme (ISO 9241-210:2010)}},
volume = {2010},
address = {Geneva, CH},
institution = {International Organization for Standardization}
}